@article{srisooksai2012practical,
  title={Practical data compression in wireless sensor networks: A survey},
  author={Srisooksai, Tossaporn and Keamarungsi, Kamol and Lamsrichan, Poonlap and Araki, Kiyomichi},
  journal={Journal of Network and Computer Applications},
  volume={35},
  number={1},
  pages={37--59},
  year={2012},
  publisher={Elsevier}
}

@article{schoellhammer2004lightweight,
  title={Lightweight temporal compression of microclimate datasets},
  author={Schoellhammer, Tom and Greenstein, Ben and Osterweil, Eric and Wimbrow, Michael and Estrin, Deborah},
  year={2004}
}


@article{teuhola1978compression,
  title={A compression method for clustered bit-vectors},
  author={Teuhola, Jukka},
  journal={Information processing letters},
  volume={7},
  number={6},
  pages={308--311},
  year={1978},
  publisher={Elsevier}
}
@inproceedings{sarbishei2016accuracy,
  title={On the accuracy improvement of low-power orientation filters using {IMU} and {MARG} sensor arrays},
  author={Sarbishei, Omid},
  booktitle={IEEE International Symposium on Circuits and Systems},
  pages={1542--1545},
  year={2016}
}

@article{marcelloni2008simple,
 title={A simple algorithm for data compression in wireless sensor networks},
 author={Marcelloni, Francesco and Vecchio, Massimo},
 journal={IEEE communications letters},
 volume={12},
 number={6},
 year={2008},
 publisher={IEEE}
}

@article{barr2006energy,
 title={Energy-aware lossless data compression},
 author={Barr, Kenneth C and Asanovi{\'c}, Krste},
 journal={ACM Transactions on Computer Systems (TOCS)},
 volume={24},
 number={3},
 pages={250--291},
 year={2006},
 publisher={ACM}
}

@article{jalaleddine1990ecg,
 title={ECG data compression techniques-a unified approach},
 author={Jalaleddine, Sateh MS and Hutchens, Chriswell G and Strattan, Robert D and Coberly, William A},
 journal={IEEE transactions on Biomedical Engineering},
 volume={37},
 number={4},
 pages={329--343},
 year={1990},
 publisher={IEEE}
}
@article{deepu2017hybrid,
 title={A hybrid data compression scheme for power reduction in wireless sensors for IoT},
 author={Deepu, Chacko John and Heng, Chun-Huat and Lian, Yong},
 journal={IEEE transactions on biomedical circuits and systems},
 volume={11},
 number={2},
 pages={245--254},
 year={2017},
 publisher={IEEE}
}
@inproceedings{ukil2015iot,
 title={IoT data compression: Sensor-agnostic approach},
 author={Ukil, Arijit and Bandyopadhyay, Soma and Pal, Arpan},
 booktitle={Data Compression Conference (DCC), 2015},
 pages={303--312},
 year={2015},
 organization={IEEE}
}

@article{zordan2012compress,
 title={To compress or not to compress: Processing vs transmission tradeoffs for energy constrained sensor networking},
 author={Zordan, Davide and Martinez, Borja and Vilajosana, Ignasi and Rossi, Michele},
 journal={arXiv preprint arXiv:1206.2129},
 year={2012}
}
@article{zordan2014performance,
 title={On the performance of lossy compression schemes for energy constrained sensor networking},
 author={Zordan, Davide and Martinez, Borja and Vilajosana, Ignasi and Rossi, Michele},
 journal={ACM Transactions on Sensor Networks (TOSN)},
 volume={11},
 number={1},
 pages={15},
 year={2014},
 publisher={ACM}
}

@inproceedings{nethercote2006building,
  title={Building workload characterization tools with valgrind},
  author={Nethercote, Nicholas and Walsh, Robert and Fitzhardinge, Jeremy},
  booktitle={IEEE Symposium on Workload Characterization},
  pages={2--2},
  year={2006}
}

@article{jalaleddine1990ecg,
  title={ECG data compression techniques-a unified approach},
  author={Jalaleddine, Sateh MS and Hutchens, Chriswell G and Strattan, Robert D and Coberly, William A},
  journal={IEEE transactions on Biomedicala Engineering},
  volume={37},
  number={4},
  pages={329--343},
  year={1990},
  publisher={IEEE}
}
@article{helly1923mengen,
  title={{\"U}ber Mengen konvexer K{\"o}rper mit gemeinschaftlichen Punkte.},
  author={Helly, Ed},
  journal={Jahresbericht der Deutschen Mathematiker-Vereinigung},
  volume={32},
  pages={175--176},
  year={1923}
}
@misc{Neblina,
  title = {{Neblina$^{TM}$} core module Description},
  howpublished = {\url{https://motsai.com/products/neblina/}},
}
@article{li2016temporal,
  title={Temporal lossless and lossy compression in wireless sensor networks},
  author={Li, Yimei and Liang, Yao},
  journal={ACM Transactions on Sensor Networks (TOSN)},
  volume={12},
  number={4},
  pages={37},
  year={2016},
  publisher={ACM}
}
@article{kejariwal2015real,
  title={Real time analytics: algorithms and systems},
  author={Kejariwal, Arun and Kulkarni, Sanjeev and Ramasamy, Karthik},
  journal={Proceedings of the VLDB Endowment},
  volume={8},
  number={12},
  pages={2040--2041},
  year={2015},
  publisher={VLDB Endowment}
}
@article{alon1999space,
  title={The space complexity of approximating the frequency moments},
  author={Alon, Noga and Matias, Yossi and Szegedy, Mario},
  journal={Journal of Computer and system sciences},
  volume={58},
  number={1},
  pages={137--147},
  year={1999},
  publisher={Elsevier}
}
@book{leskovec2014mining,
  title={Mining of massive datasets},
  author={Leskovec, Jure and Rajaraman, Anand and Ullman, Jeffrey David},
  year={2014},
  publisher={Cambridge university press}
}
@article{bloom1970space,
  title={Space/time trade-offs in hash coding with allowable errors},
  author={Bloom, Burton H},
  journal={Communications of the ACM},
  volume={13},
  number={7},
  pages={422--426},
  year={1970},
  publisher={ACM}
}

@article{flajolet1985probabilistic,
  title={Probabilistic counting algorithms for data base applications},
  author={Flajolet, Philippe and Martin, G Nigel},
  journal={Journal of computer and system sciences},
  volume={31},
  number={2},
  pages={182--209},
  year={1985},
  publisher={Elsevier}
}
@article{whang1990linear,
  title={A linear-time probabilistic counting algorithm for database applications},
  author={Whang, Kyu-Young and Vander-Zanden, Brad T and Taylor, Howard M},
  journal={ACM Transactions on Database Systems (TODS)},
  volume={15},
  number={2},
  pages={208--229},
  year={1990},
  publisher={ACM}
}
@inproceedings{durand2003loglog,
  title={Loglog counting of large cardinalities},
  author={Durand, Marianne and Flajolet, Philippe},
  booktitle={European Symposium on Algorithms},
  pages={605--617},
  year={2003},
  organization={Springer}
}

@inproceedings{flajolet2007hyperloglog,
  title={Hyperloglog: the analysis of a near-optimal cardinality estimation algorithm},
  author={Flajolet, Philippe and Fusy, {\'E}ric and Gandouet, Olivier and Meunier, Fr{\'e}d{\'e}ric},
  booktitle={AofA: Analysis of Algorithms},
  pages={137--156},
  year={2007},
  organization={Discrete Mathematics and Theoretical Computer Science}
}
@article{datar2002maintaining,
  title={Maintaining stream statistics over sliding windows},
  author={Datar, Mayur and Gionis, Aristides and Indyk, Piotr and Motwani, Rajeev},
  journal={SIAM journal on computing},
  volume={31},
  number={6},
  pages={1794--1813},
  year={2002},
  publisher={SIAM}
}
@inproceedings{chabchoub2010sliding,
  title={Sliding hyperloglog: Estimating cardinality in a data stream over a sliding window},
  author={Chabchoub, Yousra and H{\'e}brail, Georges},
  booktitle={Data Mining Workshops (ICDMW), 2010 IEEE International Conference on},
  pages={1297--1303},
  year={2010},
  organization={IEEE}
}
@article{shan2016lru,
  title={LRU-LC: Fast Estimating Cardinality of Flows over Sliding Windows},
  author={Shan, Jingsong and Luo, Jianxin and Ni, Guiqiang and Fu, Yinjin and Wu, Zhaofeng},
  journal={IEICE TRANSACTIONS on Information and Systems},
  volume={99},
  number={10},
  pages={2629--2632},
  year={2016},
  publisher={The Institute of Electronics, Information and Communication Engineers}
}
@article{o1993lru,
  title={The LRU-K page replacement algorithm for database disk buffering},
  author={O'neil, Elizabeth J and O'neil, Patrick E and Weikum, Gerhard},
  journal={Acm Sigmod Record},
  volume={22},
  number={2},
  pages={297--306},
  year={1993},
  publisher={ACM}
}
@book{garofalakis2016data,
  title={Data Stream Management: Processing High-Speed Data Streams},
  author={Garofalakis, Minos and Gehrke, Johannes and Rastogi, Rajeev},
  year={2016},
  publisher={Springer}
}
@article{cormode2005improved,
  title={An improved data stream summary: the count-min sketch and its applications},
  author={Cormode, Graham and Muthukrishnan, Shan},
  journal={Journal of Algorithms},
  volume={55},
  number={1},
  pages={58--75},
  year={2005},
  publisher={Elsevier}
}
@inproceedings{aggarwal2003framework,
  title={-A Framework for Clustering Evolving Data Streams},
  author={Aggarwal, Charu C and Philip, S Yu and Han, Jiawei and Wang, Jianyong},
  booktitle={Proceedings 2003 VLDB Conference},
  pages={81--92},
  year={2003},
  organization={Elsevier}
}
@inproceedings{zhang1996birch,
  title={BIRCH: an efficient data clustering method for very large databases},
  author={Zhang, Tian and Ramakrishnan, Raghu and Livny, Miron},
  booktitle={ACM Sigmod Record},
  volume={25},
  number={2},
  pages={103--114},
  year={1996},
  organization={ACM}
}
@article{marcelloni2009efficient,
  title={An efficient lossless compression algorithm for tiny nodes of monitoring wireless sensor networks},
  author={Marcelloni, Francesco and Vecchio, Massimo},
  journal={The Computer Journal},
  volume={52},
  number={8},
  pages={969--987},
  year={2009},
  publisher={Oxford University Press}
}
@article{storer1982data,
  title={Data compression via textural substitution},
  author={Storer, James A and Szymanski, Thomas G},
  journal={Journal of the ACM},
  volume={29},
  number={4},
  pages={928--951},
  year={1982}
}
@article{ziv1977universal,
  title={A universal algorithm for sequential data compression},
  author={Ziv, Jacob and Lempel, Abraham},
  journal={IEEE Transactions on information theory},
  volume={23},
  number={3},
  pages={337--343},
  year={1977},
  publisher={IEEE}
}
@inproceedings{pope2018accelerometer,
  title={An accelerometer lossless compression algorithm and energy analysis for IoT devices},
  author={Pope, James and Vafeas, Antonis and Elsts, Atis and Oikonomou, George and Piechocki, Robert and Craddock, Ian},
  booktitle={2018 IEEE Wireless Communications and Networking Conference Workshops (WCNCW)},
  pages={396--401},
  year={2018},
  organization={IEEE}
}
@article{welch1984technique,
  title={Technique for high-performance data compression},
  author={Welch, Terry A.},
  journal={Computer},
  number={52},
  year={1984}
}
@article{ziv1978compression,
  title={Compression of individual sequences via variable-rate coding},
  author={Ziv, Jacob and Lempel, Abraham},
  journal={IEEE transactions on Information Theory},
  volume={24},
  number={5},
  pages={530--536},
  year={1978},
  publisher={IEEE}
}
@inproceedings{sadler2006data,
  title={Data compression algorithms for energy-constrained devices in delay tolerant networks},
  author={Sadler, Christopher M and Martonosi, Margaret},
  booktitle={Proceedings of the 4th international conference on Embedded networked sensor systems},
  pages={265--278},
  year={2006},
  organization={ACM}
}
@inproceedings{lu2010optimized,
  title={Optimized data aggregation in wsns using adaptive arma},
  author={Lu, Jialiang and Valois, Fabrice and Dohler, Mischa and Wu, Min-You},
  booktitle={2010 Fourth International Conference on Sensor Technologies and Applications},
  pages={115--120},
  year={2010},
  organization={IEEE}
}
@article{liu2007energy,
  title={An energy-efficient data collection framework for wireless sensor networks by exploiting spatiotemporal correlation},
  author={Liu, Chong and Wu, Kui and Pei, Jian},
  journal={IEEE transactions on parallel and distributed systems},
  volume={18},
  number={7},
  pages={1010--1023},
  year={2007},
  publisher={IEEE}
}
@inproceedings{pham2008enhance,
  title={Enhance exploring temporal correlation for data collection in WSNs},
  author={Pham, Ngoc Duy and Le, Trong Duc and Choo, Hyunseung},
  booktitle={2008 IEEE International Conference on Research, Innovation and Vision for the Future in Computing and Communication Technologies},
  pages={204--208},
  year={2008},
  organization={IEEE}
}
