@inproceedings{zhang1996birch,
  title={BIRCH: an efficient data clustering method for very large databases},
  author={Zhang, Tian and Ramakrishnan, Raghu and Livny, Miron},
  booktitle={ACM Sigmod Record},
  volume={25},
  number={2},
  pages={103--114},
  year={1996},
  organization={ACM}
}
@inproceedings{aggarwal2003framework,
  title={-A Framework for Clustering Evolving Data Streams},
  author={Aggarwal, Charu C and Philip, S Yu and Han, Jiawei and Wang, Jianyong},
  booktitle={Proceedings 2003 VLDB Conference},
  pages={81--92},
  year={2003},
  organization={Elsevier}
}
@inproceedings{jin2003efficient,
  title={Efficient decision tree construction on streaming data},
  author={Jin, Ruoming and Agrawal, Gagan},
  booktitle={Proceedings of the ninth ACM SIGKDD international conference on Knowledge discovery and data mining},
  pages={571--576},
  year={2003},
  organization={ACM}
}
@inproceedings{chandy201110201,
  title={10201 executive summary and manifesto--event processing},
  author={Chandy, Mani K and Etzion, Opher and von Ammon, Rainer},
  booktitle={Dagstuhl Seminar Proceedings},
  year={2011},
  organization={Schloss Dagstuhl-Leibniz-Zentrum fuer Informatik}
}
@article{barga2006consistent,
  title={Consistent streaming through time: A vision for event stream processing},
  author={Barga, Roger S and Goldstein, Jonathan and Ali, Mohamed and Hong, Mingsheng},
  journal={arXiv preprint cs/0612115},
  year={2006}
}
@inproceedings{deshpande2004model,
  title={Model-driven data acquisition in sensor networks},
  author={Deshpande, Amol and Guestrin, Carlos and Madden, Samuel R and Hellerstein, Joseph M and Hong, Wei},
  booktitle={Proceedings of the Thirtieth international conference on Very large data bases-Volume 30},
  pages={588--599},
  year={2004},
  organization={VLDB Endowment}
}
@inproceedings{domingos2000mining,
  title={Mining high-speed data streams},
  author={Domingos, Pedro and Hulten, Geoff},
  booktitle={Proceedings of the sixth ACM SIGKDD international conference on Knowledge discovery and data mining},
  pages={71--80},
  year={2000},
  organization={ACM}
}
@book{chandy2009event,
  title={Event processing: designing IT systems for agile companies},
  author={Chandy, K and Schulte, W},
  year={2009},
  publisher={McGraw-Hill, Inc.}
}
@inproceedings{wang2006bridging,
  title={Bridging physical and virtual worlds: complex event processing for RFID data streams},
  author={Wang, Fusheng and Liu, Shaorong and Liu, Peiya and Bai, Yijian},
  booktitle={International Conference on Extending Database Technology},
  pages={588--607},
  year={2006},
  organization={Springer}
}
@article{garofalakis2006probabilistic,
  title={Probabilistic Data Management for Pervasive Computing: The Data Furnace Project.},
  author={Garofalakis, Minos N and Brown, Kurt P and Franklin, Michael J and Hellerstein, Joseph M and Wang, Daisy Zhe and Michelakis, Eirinaios and Tancau, Liviu and Wu, Eugene and Jeffery, Shawn R and Aipperspach, Ryan},
  journal={IEEE Data Eng. Bull.},
  volume={29},
  number={1},
  pages={57--63},
  year={2006}
}
@inproceedings{demers2007cayuga,
  title={Cayuga: A General Purpose Event Monitoring System.},
  author={Demers, Alan J and Gehrke, Johannes and Panda, Biswanath and Riedewald, Mirek and Sharma, Varun and White, Walker M and others},
  booktitle={Cidr},
  volume={7},
  pages={412--422},
  year={2007}
}
@article{chakravarthy1994snoop,
  title={Snoop: An expressive event specification language for active databases},
  author={Chakravarthy, Sharma and Mishra, Deepak},
  journal={Data \& Knowledge Engineering},
  volume={14},
  number={1},
  pages={1--26},
  year={1994},
  publisher={Elsevier}
}
@inproceedings{chakravarthy1994composite,
  title={Composite events for active databases: Semantics, contexts and detection},
  author={Chakravarthy, Sharma and Krishnaprasad, Vidhya and Anwar, Eman and Kim, Seung-Kyum},
  booktitle={VLDB},
  volume={94},
  pages={606--617},
  year={1994}
}
@book{adams1995hitchhiker,
  title={The Hitchhiker's Guide to the Galaxy},
  author={Adams, D.},
  isbn={9781417642595},
  url={http://books.google.com/books?id=W-xMPgAACAAJ},
  year={1995},
  publisher={San Val}
}

@article{whang1990linear,
  title={A linear-time probabilistic counting algorithm for database applications},
  author={Whang, Kyu-Young and Vander-Zanden, Brad T and Taylor, Howard M},
  journal={ACM Transactions on Database Systems (TODS)},
  volume={15},
  number={2},
  pages={208--229},
  year={1990},
  publisher={ACM}
}
@article{stankovski2008digging,
  title={Digging deep into the data mine with DataMiningGrid},
  author={Stankovski, Vlado and Swain, Martin and Kravtsov, Valentin and Niessen, Thomas and Wegener, Dennis and R{\"o}hm, Matthias and Trnkoczy, Jernej and May, Michael and Franke, J{\"u}rgen and Schuster, Assaf and others},
  journal={IEEE internet computing},
  volume={12},
  number={6},
  year={2008},
  publisher={IEEE}
}
@incollection{rashidi2010adaptive,
  title={An adaptive sensor mining framework for pervasive computing applications},
  author={Rashidi, Parisa and Cook, Diane J},
  booktitle={Knowledge Discovery from Sensor Data},
  pages={154--174},
  year={2010},
  publisher={Springer}
}
@inproceedings{li2007roam,
  title={Roam: Rule-and motif-based anomaly detection in massive moving object data sets},
  author={Li, Xiaolei and Han, Jiawei and Kim, Sangkyum and Gonzalez, Hector},
  booktitle={Proceedings of the 2007 SIAM International Conference on Data Mining},
  pages={273--284},
  year={2007},
  organization={SIAM}
}
@inproceedings{durand2003loglog,
  title={Loglog counting of large cardinalities},
  author={Durand, Marianne and Flajolet, Philippe},
  booktitle={European Symposium on Algorithms},
  pages={605--617},
  year={2003},
  organization={Springer}
}
@article{alon1999space,
  title={The space complexity of approximating the frequency moments},
  author={Alon, Noga and Matias, Yossi and Szegedy, Mario},
  journal={Journal of Computer and system sciences},
  volume={58},
  number={1},
  pages={137--147},
  year={1999},
  publisher={Elsevier}
}
@inproceedings{gonzalez2006warehousing,
  title={Warehousing and analyzing massive RFID data sets},
  author={Gonzalez, Hector and Han, Jiawei and Li, Xiaolei and Klabjan, Diego},
  booktitle={Data Engineering, 2006. ICDE'06. Proceedings of the 22nd International Conference on},
  pages={83--83},
  year={2006},
  organization={IEEE}
}
@incollection{gibbons2016distinct,
  title={Distinct-values estimation over data streams},
  author={Gibbons, Phillip B},
  booktitle={Data Stream Management},
  pages={121--147},
  year={2016},
  publisher={Springer}
}
@article{kejariwal2015real,
  title={Real time analytics: algorithms and systems},
  author={Kejariwal, Arun and Kulkarni, Sanjeev and Ramasamy, Karthik},
  journal={Proceedings of the VLDB Endowment},
  volume={8},
  number={12},
  pages={2040--2041},
  year={2015},
  publisher={VLDB Endowment}
}
@inproceedings{gilbert2002fast,
  title={Fast, small-space algorithms for approximate histogram maintenance},
  author={Gilbert, Anna C and Guha, Sudipto and Indyk, Piotr and Kotidis, Yannis and Muthukrishnan, Sivaramakrishnan and Strauss, Martin J},
  booktitle={Proceedings of the thiry-fourth annual ACM symposium on Theory of computing},
  pages={389--398},
  year={2002},
  organization={ACM}
}
@book{leskovec2014mining,
  title={Mining of massive datasets},
  author={Leskovec, Jure and Rajaraman, Anand and Ullman, Jeffrey David},
  year={2014},
  publisher={Cambridge university press}
}
@inproceedings{bin2010research,
  title={Research on data mining models for the internet of things},
  author={Bin, Shen and Yuan, Liu and Xiaoyi, Wang},
  booktitle={Image Analysis and Signal Processing (IASP), 2010 International Conference on},
  pages={127--132},
  year={2010},
  organization={IEEE}
}
@article{flajolet1985probabilistic,
  title={Probabilistic counting algorithms for data base applications},
  author={Flajolet, Philippe and Martin, G Nigel},
  journal={Journal of computer and system sciences},
  volume={31},
  number={2},
  pages={182--209},
  year={1985},
  publisher={Elsevier}
}
@book{aggarwal2013managing,
  title={Managing and mining sensor data},
  author={Aggarwal, Charu C},
  year={2013},
  publisher={Springer Science \& Business Media}
}
@inproceedings{chabchoub2010sliding,
  title={Sliding hyperloglog: Estimating cardinality in a data stream over a sliding window},
  author={Chabchoub, Yousra and H{\'e}brail, Georges},
  booktitle={Data Mining Workshops (ICDMW), 2010 IEEE International Conference on},
  pages={1297--1303},
  year={2010},
  organization={IEEE}
}
@inproceedings{flajolet2007hyperloglog,
  title={Hyperloglog: the analysis of a near-optimal cardinality estimation algorithm},
  author={Flajolet, Philippe and Fusy, {\'E}ric and Gandouet, Olivier and Meunier, Fr{\'e}d{\'e}ric},
  booktitle={AofA: Analysis of Algorithms},
  pages={137--156},
  year={2007},
  organization={Discrete Mathematics and Theoretical Computer Science}
}
@article{shan2016cvs,
  title={CVS: fast cardinality estimation for large-scale data streams over sliding windows},
  author={Shan, Jingsong and Luo, Jianxin and Ni, Guiqiang and Wu, Zhaofeng and Duan, Weiwei},
  journal={Neurocomputing},
  volume={194},
  pages={107--116},
  year={2016},
  publisher={Elsevier}
}
@article{shan2016lru,
  title={LRU-LC: Fast Estimating Cardinality of Flows over Sliding Windows},
  author={Shan, Jingsong and Luo, Jianxin and Ni, Guiqiang and Fu, Yinjin and Wu, Zhaofeng},
  journal={IEICE TRANSACTIONS on Information and Systems},
  volume={99},
  number={10},
  pages={2629--2632},
  year={2016},
  publisher={The Institute of Electronics, Information and Communication Engineers}
}

@article{srisooksai2012practical,
  title={Practical data compression in wireless sensor networks: A survey},
  author={Srisooksai, Tossaporn and Keamarungsi, Kamol and Lamsrichan, Poonlap and Araki, Kiyomichi},
  journal={Journal of Network and Computer Applications},
  volume={35},
  number={1},
  pages={37--59},
  year={2012},
  publisher={Elsevier}
}

@article{marcelloni2008simple,
  title={A simple algorithm for data compression in wireless sensor networks},
  author={Marcelloni, Francesco and Vecchio, Massimo},
  journal={IEEE communications letters},
  volume={12},
  number={6},
  year={2008},
  publisher={IEEE}
}

@article{barr2006energy,
  title={Energy-aware lossless data compression},
  author={Barr, Kenneth C and Asanovi{\'c}, Krste},
  journal={ACM Transactions on Computer Systems (TOCS)},
  volume={24},
  number={3},
  pages={250--291},
  year={2006},
  publisher={ACM}
}

@article{teuhola1978compression,
  title={A compression method for clustered bit-vectors},
  author={Teuhola, Jukka},
  journal={Information processing letters},
  volume={7},
  number={6},
  pages={308--311},
  year={1978},
  publisher={Elsevier}
}
